@MISC{First,
	HOWPUBLISHED="\url{https://www.kaggle.com/slwessels/crime-statistics-for-south-africa/}",
    Title="Crime In South Africa",
	AUTHOR = "Stephan Wessels",
    year="2016"
}
@MISC{Second,
	HOWPUBLISHED="\url{https://www.kaggle.com/misterseitz/south-africa-crime-population-statistics#ProvincePopulation.csv}",
	AUTHOR="Muhammed Faiz Seitz",
	Title="Population in South Africa",
    year="2016"
}

@MISC{Third,
	HOWPUBLISHED="\url{https://www.kaggle.com/neilslab/south-africa-stock-market-data/version/8}",
	AUTHOR="neilS",
	Title="South Africa Stock Market Data",
    year="2018"
}